@article{albouy2012colonial,
  title={The colonial origins of comparative development: an empirical investigation: comment},
  author={Albouy, David Y},
  journal={American economic review},
  volume={102},
  number={6},
  pages={3059--76},
  year={2012}
}

@article{acemoglu2001colonial,
  title={The colonial origins of comparative development: An empirical investigation},
  author={Acemoglu, Daron and Johnson, Simon and Robinson, James A},
  journal={American economic review},
  volume={91},
  number={5},
  pages={1369--1401},
  year={2001}
}